@online{AgileAlliance2015,
	author = {{Agile Alliance}},
	title = {{What is Agile Software Development?}},
	year = {2015},
	month = {06},
	url = {https://www.agilealliance.org/agile101/},
	urldate = {2018-11-05}}
}
@techreport{BaumannWicki2018,
	author = {Baumann, Pascal and Wicki, Dane},
	title = {Projektdokumentation - PAWI HS18},
	year = {2018},
	month = {12},
	day = {07},
	institution = {{Lucerne University of Applied Sciences and Arts}},
	type = {Wirtschaftsprojekt}
}
